%% This BibTeX bibliography file was created using BibDesk.
%% http://bibdesk.sourceforge.net/

%% Created for Karun Thanjavur at 2020-12-07 23:30:22 -0800 


%% Saved with string encoding Unicode (UTF-8) 



@article{Hunter:2007,
	abstract = {Matplotlib is a 2D graphics package used for Python for
  application development, interactive scripting, and publication-quality
  image generation across user interfaces and operating systems.},
	author = {Hunter, J. D.},
	date-added = {2020-12-07 23:29:52 -0800},
	date-modified = {2020-12-07 23:29:52 -0800},
	doi = {10.1109/MCSE.2007.55},
	journal = {Computing in Science \& Engineering},
	number = {3},
	pages = {90--95},
	publisher = {IEEE COMPUTER SOC},
	title = {Matplotlib: A 2D graphics environment},
	volume = {9},
	year = 2007,
	Bdsk-Url-1 = {https://doi.org/10.1109/MCSE.2007.55}}

@article{2017ApJS..230...24B,
	adsnote = {Provided by the SAO/NASA Astrophysics Data System},
	adsurl = {https://ui.adsabs.harvard.edu/abs/2017ApJS..230...24B},
	archiveprefix = {arXiv},
	author = {{Bianchi}, Luciana and {Shiao}, Bernie and {Thilker}, David},
	date-added = {2020-12-07 23:28:13 -0800},
	date-modified = {2020-12-07 23:28:13 -0800},
	doi = {10.3847/1538-4365/aa7053},
	eid = {24},
	eprint = {1704.05903},
	journal = {\apjs},
	keywords = {catalogs, Galaxy: stellar content, stars: AGB and post-AGB, stars: early-type, surveys, ultraviolet: general, Astrophysics - Astrophysics of Galaxies, Astrophysics - Solar and Stellar Astrophysics},
	month = jun,
	number = {2},
	pages = {24},
	primaryclass = {astro-ph.GA},
	title = {{Revised Catalog of GALEX Ultraviolet Sources. I. The All-Sky Survey: GUVcat\_AIS}},
	volume = {230},
	year = 2017,
	Bdsk-Url-1 = {https://doi.org/10.3847/1538-4365/aa7053}}

@article{2016arXiv161205560C,
	adsnote = {Provided by the SAO/NASA Astrophysics Data System},
	adsurl = {https://ui.adsabs.harvard.edu/abs/2016arXiv161205560C},
	archiveprefix = {arXiv},
	author = {{Chambers}, K.~C. and {Magnier}, E.~A. and {Metcalfe}, N. and {Flewelling}, H.~A. and {Huber}, M.~E. and {Waters}, C.~Z. and {Denneau}, L. and {Draper}, P.~W. and {Farrow}, D. and {Finkbeiner}, D.~P. and {Holmberg}, C. and {Koppenhoefer}, J. and {Price}, P.~A. and {Rest}, A. and {Saglia}, R.~P. and {Schlafly}, E.~F. and {Smartt}, S.~J. and {Sweeney}, W. and {Wainscoat}, R.~J. and {Burgett}, W.~S. and {Chastel}, S. and {Grav}, T. and {Heasley}, J.~N. and {Hodapp}, K.~W. and {Jedicke}, R. and {Kaiser}, N. and {Kudritzki}, R. -P. and {Luppino}, G.~A. and {Lupton}, R.~H. and {Monet}, D.~G. and {Morgan}, J.~S. and {Onaka}, P.~M. and {Shiao}, B. and {Stubbs}, C.~W. and {Tonry}, J.~L. and {White}, R. and {Ba{\~n}ados}, E. and {Bell}, E.~F. and {Bender}, R. and {Bernard}, E.~J. and {Boegner}, M. and {Boffi}, F. and {Botticella}, M.~T. and {Calamida}, A. and {Casertano}, S. and {Chen}, W. -P. and {Chen}, X. and {Cole}, S. and {Deacon}, N. and {Frenk}, C. and {Fitzsimmons}, A. and {Gezari}, S. and {Gibbs}, V. and {Goessl}, C. and {Goggia}, T. and {Gourgue}, R. and {Goldman}, B. and {Grant}, P. and {Grebel}, E.~K. and {Hambly}, N.~C. and {Hasinger}, G. and {Heavens}, A.~F. and {Heckman}, T.~M. and {Henderson}, R. and {Henning}, T. and {Holman}, M. and {Hopp}, U. and {Ip}, W. -H. and {Isani}, S. and {Jackson}, M. and {Keyes}, C.~D. and {Koekemoer}, A.~M. and {Kotak}, R. and {Le}, D. and {Liska}, D. and {Long}, K.~S. and {Lucey}, J.~R. and {Liu}, M. and {Martin}, N.~F. and {Masci}, G. and {McLean}, B. and {Mindel}, E. and {Misra}, P. and {Morganson}, E. and {Murphy}, D.~N.~A. and {Obaika}, A. and {Narayan}, G. and {Nieto-Santisteban}, M.~A. and {Norberg}, P. and {Peacock}, J.~A. and {Pier}, E.~A. and {Postman}, M. and {Primak}, N. and {Rae}, C. and {Rai}, A. and {Riess}, A. and {Riffeser}, A. and {Rix}, H.~W. and {R{\"o}ser}, S. and {Russel}, R. and {Rutz}, L. and {Schilbach}, E. and {Schultz}, A.~S.~B. and {Scolnic}, D. and {Strolger}, L. and {Szalay}, A. and {Seitz}, S. and {Small}, E. and {Smith}, K.~W. and {Soderblom}, D.~R. and {Taylor}, P. and {Thomson}, R. and {Taylor}, A.~N. and {Thakar}, A.~R. and {Thiel}, J. and {Thilker}, D. and {Unger}, D. and {Urata}, Y. and {Valenti}, J. and {Wagner}, J. and {Walder}, T. and {Walter}, F. and {Watters}, S.~P. and {Werner}, S. and {Wood-Vasey}, W.~M. and {Wyse}, R.},
	eid = {arXiv:1612.05560},
	eprint = {1612.05560},
	journal = {arXiv e-prints},
	keywords = {Astrophysics - Instrumentation and Methods for Astrophysics, Astrophysics - Earth and Planetary Astrophysics, Astrophysics - Astrophysics of Galaxies, Astrophysics - Solar and Stellar Astrophysics},
	month = dec,
	pages = {arXiv:1612.05560},
	primaryclass = {astro-ph.IM},
	title = {{The Pan-STARRS1 Surveys}},
	year = 2016}

@article{Euge20c,
	adsnote = {Provided by the SAO/NASA Astrophysics Data System},
	adsurl = {https://ui.adsabs.harvard.edu/abs/2020ApJS..251....6M},
	archiveprefix = {arXiv},
	author = {{Magnier}, Eugene. A. and {Schlafly}, Edward. F. and {Finkbeiner}, Douglas P. and {Tonry}, J.~L. and {Goldman}, B. and {R{\"o}ser}, S. and {Schilbach}, E. and {Casertano}, S. and {Chambers}, K.~C. and {Flewelling}, H.~A. and {Huber}, M.~E. and {Price}, P.~A. and {Sweeney}, W.~E. and {Waters}, C.~Z. and {Denneau}, L. and {Draper}, P.~W. and {Hodapp}, K.~W. and {Jedicke}, R. and {Kaiser}, N. and {Kudritzki}, R. -P. and {Metcalfe}, N. and {Stubbs}, C.~W. and {Wainscoat}, R.~J.},
	date-modified = {2020-12-07 13:01:39 -0800},
	doi = {10.3847/1538-4365/abb82a},
	eid = {6},
	eprint = {1612.05242},
	journal = {\apjs},
	keywords = {Photometry, CCD photometry, Astrometry, Surveys, Sky surveys, Flux calibration, Proper motions, Astronomy databases, 1234, 208, 80, 1671, 1464, 544, 1295, 83, Astrophysics - Instrumentation and Methods for Astrophysics},
	month = nov,
	number = {1},
	pages = {6},
	primaryclass = {astro-ph.IM},
	title = {{Pan-STARRS Photometric and Astrometric Calibration}},
	volume = {251},
	year = 2020,
	Bdsk-Url-1 = {https://doi.org/10.3847/1538-4365/abb82a}}

@article{Euge20b,
	adsnote = {Provided by the SAO/NASA Astrophysics Data System},
	adsurl = {https://ui.adsabs.harvard.edu/abs/2020ApJS..251....5M},
	archiveprefix = {arXiv},
	author = {{Magnier}, Eugene A. and {Sweeney}, W.~E. and {Chambers}, K.~C. and {Flewelling}, H.~A. and {Huber}, M.~E. and {Price}, P.~A. and {Waters}, C.~Z. and {Denneau}, L. and {Draper}, P.~W. and {Farrow}, D. and {Jedicke}, R. and {Hodapp}, K.~W. and {Kaiser}, N. and {Kudritzki}, R. -P. and {Metcalfe}, N. and {Stubbs}, C.~W. and {Wainscoat}, R.~J.},
	date-modified = {2020-12-07 13:01:20 -0800},
	doi = {10.3847/1538-4365/abb82c},
	eid = {5},
	eprint = {1612.05244},
	journal = {\apjs},
	keywords = {Astronomy data analysis, Astronomy data reduction, CCD photometry, Galaxy photometry, Astrometry, Astronomical techniques, Astronomical object identification, 1858, 1861, 208, 611, 80, 1684, 87, Astrophysics - Instrumentation and Methods for Astrophysics},
	month = nov,
	number = {1},
	pages = {5},
	primaryclass = {astro-ph.IM},
	title = {{Pan-STARRS Pixel Analysis: Source Detection and Characterization}},
	volume = {251},
	year = 2020,
	Bdsk-Url-1 = {https://doi.org/10.3847/1538-4365/abb82c}}

@article{Euge20a,
	adsnote = {Provided by the SAO/NASA Astrophysics Data System},
	adsurl = {https://ui.adsabs.harvard.edu/abs/2020ApJS..251....3M},
	archiveprefix = {arXiv},
	author = {{Magnier}, Eugene A. and {Chambers}, K.~C. and {Flewelling}, H.~A. and {Hoblitt}, J.~C. and {Huber}, M.~E. and {Price}, P.~A. and {Sweeney}, W.~E. and {Waters}, C.~Z. and {Denneau}, L. and {Draper}, P.~W. and {Hodapp}, K.~W. and {Jedicke}, R. and {Kaiser}, N. and {Kudritzki}, R. -P. and {Metcalfe}, N. and {Stubbs}, C.~W. and {Wainscoat}, R.~J.},
	date-modified = {2020-12-07 13:01:00 -0800},
	doi = {10.3847/1538-4365/abb829},
	eid = {3},
	eprint = {1612.05240},
	journal = {\apjs},
	keywords = {Sky surveys, Astronomy data analysis, Astronomy databases, Astronomy data reduction, Photometry, Astronomical techniques, Astrometry, 1464, 1858, 83, 1861, 1234, 1684, 80, Astrophysics - Instrumentation and Methods for Astrophysics},
	month = nov,
	number = {1},
	pages = {3},
	primaryclass = {astro-ph.IM},
	title = {{The Pan-STARRS Data-processing System}},
	volume = {251},
	year = 2020,
	Bdsk-Url-1 = {https://doi.org/10.3847/1538-4365/abb829}}

@article{2017ApJ...848..128I,
	adsnote = {Provided by the SAO/NASA Astrophysics Data System},
	adsurl = {https://ui.adsabs.harvard.edu/abs/2017ApJ...848..128I},
	archiveprefix = {arXiv},
	author = {{Ibata}, Rodrigo A. and {McConnachie}, Alan and {Cuilland re}, Jean-Charles and {Fantin}, Nicholas and {Haywood}, Misha and {Martin}, Nicolas F. and {Bergeron}, Pierre and {Beckmann}, Volker and {Bernard}, Edouard and {Bonifacio}, Piercarlo and {Caffau}, Elisabetta and {Carlberg}, Raymond and {C{\^o}t{\'e}}, Patrick and {Cabanac}, R{\'e}mi and {Chapman}, Scott and {Duc}, Pierre-Alain and {Durret}, Florence and {Famaey}, Beno{\^\i}t and {Fabbro}, S{\'e}bastien and {Gwyn}, Stephen and {Hammer}, Francois and {Hill}, Vanessa and {Hudson}, Michael J. and {Lan{\c{c}}on}, Ariane and {Lewis}, Geraint and {Malhan}, Khyati and {di Matteo}, Paola and {McCracken}, Henry and {Mei}, Simona and {Mellier}, Yannick and {Navarro}, Julio and {Pires}, Sandrine and {Pritchet}, Chris and {Reyl{\'e}}, Celine and {Richer}, Harvey and {Robin}, Annie C. and {S{\'a}nchez-Janssen}, Rub{\'e}n and {Sawicki}, Marcin and {Scott}, Douglas and {Scottez}, Vivien and {Spekkens}, Kristine and {Starkenburg}, Else and {Thomas}, Guillaume and {Venn}, Kim},
	doi = {10.3847/1538-4357/aa855c},
	eid = {128},
	eprint = {1708.06356},
	journal = {\apj},
	keywords = {galaxies: formation, Galaxy: halo, Galaxy: stellar content, Galaxy: structure, surveys, white dwarfs, Astrophysics - Astrophysics of Galaxies},
	month = oct,
	number = {2},
	pages = {128},
	primaryclass = {astro-ph.GA},
	title = {{The Canada-France Imaging Survey: First Results from the u-Band Component}},
	volume = {848},
	year = 2017,
	Bdsk-Url-1 = {https://doi.org/10.3847/1538-4357/aa855c}}

@article{Ivez07,
	author = {{Ivezi{\'c}}, {\v{Z}}eljko and {Smith}, J. Allyn and {Miknaitis}, Gajus and {Lin}, Huan and {Tucker}, Douglas and {Lupton}, Robert H. and {Gunn}, James E. and {Knapp}, Gillian R. and {Strauss}, Michael A. and {Sesar}, Branimir and {Doi}, Mamoru and {Tanaka}, Masayuki and {Fukugita}, Masataka and {Holtzman}, Jon and {Kent}, Steve and {Yanny}, Brian and {Schlegel}, David and {Finkbeiner}, Douglas and {Padmanabhan}, Nikhil and {Rockosi}, Constance M. and {Juri{\'c}}, Mario and {Bond}, Nicholas and {Lee}, Brian and {Stoughton}, Chris and {Jester}, Sebastian and {Harris}, Hugh and {Harding}, Paul and {Morrison}, Heather and {Brinkmann}, Jon and {Schneider}, Donald P. and {York}, Donald},
	date-added = {2020-06-21 10:53:01 -0700},
	date-modified = {2020-06-21 10:54:05 -0700},
	journal = {\aj},
	number = {3},
	pages = {973-998},
	title = {% {Sloan Digital Sky Survey Standard Star Catalog for Stripe 82}},
	volume = {134},
	year = 2007,
	Bdsk-Url-1 = {https://doi.org/10.1086/519976}}

@article{2004AN....325..583I,
	adsnote = {Provided by the SAO/NASA Astrophysics Data System},
	adsurl = {https://ui.adsabs.harvard.edu/abs/2004AN....325..583I},
	archiveprefix = {arXiv},
	author = {{Ivezi{\'c}}, {\v{Z}}. and {Lupton}, R.~H. and {Schlegel}, D. and {Boroski}, B. and {Adelman-McCarthy}, J. and {Yanny}, B. and {Kent}, S. and {Stoughton}, C. and {Finkbeiner}, D. and {Padmanabhan}, N. and {Rockosi}, C.~M. and {Gunn}, J.~E. and {Knapp}, G.~R. and {Strauss}, M.~A. and {Richards}, G.~T. and {Eisenstein}, D. and {Nicinski}, T. and {Kleinman}, S.~J. and {Krzesinski}, J. and {Newman}, P.~R. and {Snedden}, S. and {Thakar}, A.~R. and {Szalay}, A. and {Munn}, J.~A. and {Smith}, J.~A. and {Tucker}, D. and {Lee}, B.~C.},
	doi = {10.1002/asna.200410285},
	eprint = {astro-ph/0410195},
	journal = {Astronomische Nachrichten},
	keywords = {surveys, techniques: photometric, methods: data analysis, stars: fundamental parameters, stars: statistics, Astrophysics},
	month = oct,
	number = {6},
	pages = {583-589},
	primaryclass = {astro-ph},
	title = {{SDSS data management and photometric quality assessment}},
	volume = {325},
	year = 2004,
	Bdsk-Url-1 = {https://doi.org/10.1002/asna.200410285}}

@article{2002AJ....123.2121S,
	adsnote = {Provided by the SAO/NASA Astrophysics Data System},
	adsurl = {https://ui.adsabs.harvard.edu/abs/2002AJ....123.2121S},
	archiveprefix = {arXiv},
	author = {{Smith}, J. Allyn and {Tucker}, Douglas L. and {Kent}, Stephen and {Richmond}, Michael W. and {Fukugita}, Masataka and {Ichikawa}, Takashi and {Ichikawa}, Shin-ichi and {Jorgensen}, Anders M. and {Uomoto}, Alan and {Gunn}, James E. and {Hamabe}, Masaru and {Watanabe}, Masaru and {Tolea}, Alin and {Henden}, Arne and {Annis}, James and {Pier}, Jeffrey R. and {McKay}, Timothy A. and {Brinkmann}, Jon and {Chen}, Bing and {Holtzman}, Jon and {Shimasaku}, Kazuhiro and {York}, Donald G.},
	doi = {10.1086/339311},
	eprint = {astro-ph/0201143},
	journal = {\aj},
	keywords = {Catalogs, Standards, Stars: Fundamental Parameters, Astrophysics},
	month = apr,
	number = {4},
	pages = {2121-2144},
	primaryclass = {astro-ph},
	title = {{The u'g'r'i'z' Standard-Star System}},
	volume = {123},
	year = 2002,
	Bdsk-Url-1 = {https://doi.org/10.1086/339311}}

@book{numpy,
	author = {Oliphant, Travis E},
	publisher = {Trelgol Publishing USA},
	title = {A guide to NumPy},
	volume = {1},
	year = {2006}}

@misc{scipy,
	author = {Eric Jones and Travis Oliphant and Pearu Peterson and others},
	note = {[Online; accessed <today>]},
	title = {{SciPy}: Open source scientific tools for {Python}},
	url = {http://www.scipy.org/},
	year = {2001--},
	Bdsk-Url-1 = {http://www.scipy.org/}}

@inproceedings{pandas,
	author = {Wes McKinney},
	booktitle = {Proceedings of the 9th Python in Science Conference},
	editor = {St\'efan van der Walt and Jarrod Millman},
	pages = {51 - 56},
	title = {Data Structures for Statistical Computing in Python},
	year = {2010}}

@article{2003AJ....125.1559P,
	adsnote = {Provided by the SAO/NASA Astrophysics Data System},
	adsurl = {https://ui.adsabs.harvard.edu/abs/2003AJ....125.1559P},
	archiveprefix = {arXiv},
	author = {{Pier}, Jeffrey R. and {Munn}, Jeffrey A. and {Hindsley}, Robert B. and {Hennessy}, G.~S. and {Kent}, Stephen M. and {Lupton}, Robert H. and {Ivezi{\'c}}, {\v{Z}}eljko},
	doi = {10.1086/346138},
	eprint = {astro-ph/0211375},
	journal = {\aj},
	keywords = {Astrometry, Methods: Data Analysis, Surveys, Astrophysics},
	month = mar,
	number = {3},
	pages = {1559-1579},
	primaryclass = {astro-ph},
	title = {{Astrometric Calibration of the Sloan Digital Sky Survey}},
	volume = {125},
	year = 2003,
	Bdsk-Url-1 = {https://doi.org/10.1086/346138}}

@article{scikit-learn,
	author = {Pedregosa, F. and Varoquaux, G. and Gramfort, A. and Michel, V. and Thirion, B. and Grisel, O. and Blondel, M. and Prettenhofer, P. and Weiss, R. and Dubourg, V. and Vanderplas, J. and Passos, A. and Cournapeau, D. and Brucher, M. and Perrot, M. and Duchesnay, E.},
	journal = {Journal of Machine Learning Research},
	pages = {2825--2830},
	title = {Scikit-learn: Machine Learning in {P}ython},
	volume = {12},
	year = {2011}}

@article{1998AJ....116.3040G,
	adsnote = {Provided by the SAO/NASA Astrophysics Data System},
	adsurl = {https://ui.adsabs.harvard.edu/abs/1998AJ....116.3040G},
	archiveprefix = {arXiv},
	author = {{Gunn}, J.~E. and {Carr}, M. and {Rockosi}, C. and {Sekiguchi}, M. and {Berry}, K. and {Elms}, B. and {de Haas}, E. and {Ivezi{\'c}}, {\v{Z}} . and {Knapp}, G. and {Lupton}, R. and {Pauls}, G. and {Simcoe}, R. and {Hirsch}, R. and {Sanford}, D. and {Wang}, S. and {York}, D. and {Harris}, F. and {Annis}, J. and {Bartozek}, L. and {Boroski}, W. and {Bakken}, J. and {Haldeman}, M. and {Kent}, S. and {Holm}, S. and {Holmgren}, D. and {Petravick}, D. and {Prosapio}, A. and {Rechenmacher}, R. and {Doi}, M. and {Fukugita}, M. and {Shimasaku}, K. and {Okada}, N. and {Hull}, C. and {Siegmund}, W. and {Mannery}, E. and {Blouke}, M. and {Heidtman}, D. and {Schneider}, D. and {Lucinio}, R. and {Brinkman}, J.},
	doi = {10.1086/300645},
	eprint = {astro-ph/9809085},
	journal = {\aj},
	keywords = {ASTROMETRY, ATLASES, CATALOGS, COSMOLOGY: OBSERVATIONS, INSTRUMENTATION: DETECTORS, INSTRUMENTATION: PHOTOMETERS, SURVEYS, Astrophysics},
	month = dec,
	number = {6},
	pages = {3040-3081},
	primaryclass = {astro-ph},
	title = {{The Sloan Digital Sky Survey Photometric Camera}},
	volume = {116},
	year = 1998,
	Bdsk-Url-1 = {https://doi.org/10.1086/300645}}

@article{2008AJ....135..338F,
	adsnote = {Provided by the SAO/NASA Astrophysics Data System},
	adsurl = {https://ui.adsabs.harvard.edu/abs/2008AJ....135..338F},
	archiveprefix = {arXiv},
	author = {{Frieman}, Joshua A. and {Bassett}, Bruce and {Becker}, Andrew and {Choi}, Changsu and {Cinabro}, David and {DeJongh}, Fritz and {Depoy}, Darren L. and {Dilday}, Ben and {Doi}, Mamoru and {Garnavich}, Peter M. and {Hogan}, Craig J. and {Holtzman}, Jon and {Im}, Myungshin and {Jha}, Saurabh and {Kessler}, Richard and {Konishi}, Kohki and {Lampeitl}, Hubert and {Marriner}, John and {Marshall}, Jennifer L. and {McGinnis}, David and {Miknaitis}, Gajus and {Nichol}, Robert C. and {Prieto}, Jose Luis and {Riess}, Adam G. and {Richmond}, Michael W. and {Romani}, Roger and {Sako}, Masao and {Schneider}, Donald P. and {Smith}, Mathew and {Takanashi}, Naohiro and {Tokita}, Kouichi and {van der Heyden}, Kurt and {Yasuda}, Naoki and {Zheng}, Chen and {Adelman-McCarthy}, Jennifer and {Annis}, James and {Assef}, Roberto J. and {Barentine}, John and {Bender}, Ralf and {Bland ford}, Roger D. and {Boroski}, William N. and {Bremer}, Malcolm and {Brewington}, Howard and {Collins}, Chris A. and {Crotts}, Arlin and {Dembicky}, Jack and {Eastman}, Jason and {Edge}, Alastair and {Edmondson}, Edmond and {Elson}, Edward and {Eyler}, Michael E. and {Filippenko}, Alexei V. and {Foley}, Ryan J. and {Frank}, Stephan and {Goobar}, Ariel and {Gueth}, Tina and {Gunn}, James E. and {Harvanek}, Michael and {Hopp}, Ulrich and {Ihara}, Yutaka and {Ivezi{\'c}}, {\v{Z}}elko and {Kahn}, Steven and {Kaplan}, Jared and {Kent}, Stephen and {Ketzeback}, William and {Kleinman}, Scott J. and {Kollatschny}, Wolfram and {Kron}, Richard G. and {Krzesi{\'n}ski}, Jurek and {Lamenti}, Dennis and {Leloudas}, Giorgos and {Lin}, Huan and {Long}, Daniel C. and {Lucey}, John and {Lupton}, Robert H. and {Malanushenko}, Elena and {Malanushenko}, Viktor and {McMillan}, Russet J. and {Mendez}, Javier and {Morgan}, Christopher W. and {Morokuma}, Tomoki and {Nitta}, Atsuko and {Ostman}, Linda and {Pan}, Kaike and {Rockosi}, Constance M. and {Romer}, A. Kathy and {Ruiz-Lapuente}, Pilar and {Saurage}, Gabrelle and {Schlesinger}, Katie and {Snedden}, Stephanie A. and {Sollerman}, Jesper and {Stoughton}, Chris and {Stritzinger}, Maximilian and {Subba Rao}, Mark and {Tucker}, Douglas and {Vaisanen}, Petri and {Watson}, Linda C. and {Watters}, Shannon and {Wheeler}, J. Craig and {Yanny}, Brian and {York}, Donald},
	doi = {10.1088/0004-6256/135/1/338},
	eprint = {0708.2749},
	journal = {\aj},
	keywords = {supernovae: general, surveys, Astrophysics},
	month = jan,
	number = {1},
	pages = {338-347},
	primaryclass = {astro-ph},
	title = {{The Sloan Digital Sky Survey-II Supernova Survey: Technical Summary}},
	volume = {135},
	year = 2008,
	Bdsk-Url-1 = {https://doi.org/10.1088/0004-6256/135/1/338}}

@article{2018A&A...616A...1G,
	adsnote = {Provided by the SAO/NASA Astrophysics Data System},
	adsurl = {https://ui.adsabs.harvard.edu/abs/2018A&A...616A...1G},
	archiveprefix = {arXiv},
	author = {{Gaia Collaboration} and {Brown}, A.~G.~A. and {Vallenari}, A. and {Prusti}, T. and {de Bruijne}, J.~H.~J. and {Babusiaux}, C. and {Bailer-Jones}, C.~A.~L. and {Biermann}, M. and {Evans}, D.~W. and {Eyer}, L. and {Jansen}, F. and {Jordi}, C. and {Klioner}, S.~A. and {Lammers}, U. and {Lindegren}, L. and {Luri}, X. and {Mignard}, F. and {Panem}, C. and {Pourbaix}, D. and {Randich}, S. and {Sartoretti}, P. and {Siddiqui}, H.~I. and {Soubiran}, C. and {van Leeuwen}, F. and {Walton}, N.~A. and {Arenou}, F. and {Bastian}, U. and {Cropper}, M. and {Drimmel}, R. and {Katz}, D. and {Lattanzi}, M.~G. and {Bakker}, J. and {Cacciari}, C. and {Casta{\~n}eda}, J. and {Chaoul}, L. and {Cheek}, N. and {De Angeli}, F. and {Fabricius}, C. and {Guerra}, R. and {Holl}, B. and {Masana}, E. and {Messineo}, R. and {Mowlavi}, N. and {Nienartowicz}, K. and {Panuzzo}, P. and {Portell}, J. and {Riello}, M. and {Seabroke}, G.~M. and {Tanga}, P. and {Th{\'e}venin}, F. and {Gracia-Abril}, G. and {Comoretto}, G. and {Garcia-Reinaldos}, M. and {Teyssier}, D. and {Altmann}, M. and {Andrae}, R. and {Audard}, M. and {Bellas-Velidis}, I. and {Benson}, K. and {Berthier}, J. and {Blomme}, R. and {Burgess}, P. and {Busso}, G. and {Carry}, B. and {Cellino}, A. and {Clementini}, G. and {Clotet}, M. and {Creevey}, O. and {Davidson}, M. and {De Ridder}, J. and {Delchambre}, L. and {Dell'Oro}, A. and {Ducourant}, C. and {Fern{\'a}ndez-Hern{\'a}ndez}, J. and {Fouesneau}, M. and {Fr{\'e}mat}, Y. and {Galluccio}, L. and {Garc{\'\i}a-Torres}, M. and {Gonz{\'a}lez-N{\'u}{\~n}ez}, J. and {Gonz{\'a}lez-Vidal}, J.~J. and {Gosset}, E. and {Guy}, L.~P. and {Halbwachs}, J. -L. and {Hambly}, N.~C. and {Harrison}, D.~L. and {Hern{\'a}ndez}, J. and {Hestroffer}, D. and {Hodgkin}, S.~T. and {Hutton}, A. and {Jasniewicz}, G. and {Jean-Antoine-Piccolo}, A. and {Jordan}, S. and {Korn}, A.~J. and {Krone-Martins}, A. and {Lanzafame}, A.~C. and {Lebzelter}, T. and {L{\"o}ffler}, W. and {Manteiga}, M. and {Marrese}, P.~M. and {Mart{\'\i}n-Fleitas}, J.~M. and {Moitinho}, A. and {Mora}, A. and {Muinonen}, K. and {Osinde}, J. and {Pancino}, E. and {Pauwels}, T. and {Petit}, J. -M. and {Recio-Blanco}, A. and {Richards}, P.~J. and {Rimoldini}, L. and {Robin}, A.~C. and {Sarro}, L.~M. and {Siopis}, C. and {Smith}, M. and {Sozzetti}, A. and {S{\"u}veges}, M. and {Torra}, J. and {van Reeven}, W. and {Abbas}, U. and {Abreu Aramburu}, A. and {Accart}, S. and {Aerts}, C. and {Altavilla}, G. and {{\'A}lvarez}, M.~A. and {Alvarez}, R. and {Alves}, J. and {Anderson}, R.~I. and {Andrei}, A.~H. and {Anglada Varela}, E. and {Antiche}, E. and {Antoja}, T. and {Arcay}, B. and {Astraatmadja}, T.~L. and {Bach}, N. and {Baker}, S.~G. and {Balaguer-N{\'u}{\~n}ez}, L. and {Balm}, P. and {Barache}, C. and {Barata}, C. and {Barbato}, D. and {Barblan}, F. and {Barklem}, P.~S. and {Barrado}, D. and {Barros}, M. and {Barstow}, M.~A. and {Bartholom{\'e} Mu{\~n}oz}, S. and {Bassilana}, J. -L. and {Becciani}, U. and {Bellazzini}, M. and {Berihuete}, A. and {Bertone}, S. and {Bianchi}, L. and {Bienaym{\'e}}, O. and {Blanco-Cuaresma}, S. and {Boch}, T. and {Boeche}, C. and {Bombrun}, A. and {Borrachero}, R. and {Bossini}, D. and {Bouquillon}, S. and {Bourda}, G. and {Bragaglia}, A. and {Bramante}, L. and {Breddels}, M.~A. and {Bressan}, A. and {Brouillet}, N. and {Br{\"u}semeister}, T. and {Brugaletta}, E. and {Bucciarelli}, B. and {Burlacu}, A. and {Busonero}, D. and {Butkevich}, A.~G. and {Buzzi}, R. and {Caffau}, E. and {Cancelliere}, R. and {Cannizzaro}, G. and {Cantat-Gaudin}, T. and {Carballo}, R. and {Carlucci}, T. and {Carrasco}, J.~M. and {Casamiquela}, L. and {Castellani}, M. and {Castro-Ginard}, A. and {Charlot}, P. and {Chemin}, L. and {Chiavassa}, A. and {Cocozza}, G. and {Costigan}, G. and {Cowell}, S. and {Crifo}, F. and {Crosta}, M. and {Crowley}, C. and {Cuypers}, J. and {Dafonte}, C. and {Damerdji}, Y. and {Dapergolas}, A. and {David}, P. and {David}, M. and {de Laverny}, P. and {De Luise}, F. and {De March}, R. and {de Martino}, D. and {de Souza}, R. and {de Torres}, A. and {Debosscher}, J. and {del Pozo}, E. and {Delbo}, M. and {Delgado}, A. and {Delgado}, H.~E. and {Di Matteo}, P. and {Diakite}, S. and {Diener}, C. and {Distefano}, E. and {Dolding}, C. and {Drazinos}, P. and {Dur{\'a}n}, J. and {Edvardsson}, B. and {Enke}, H. and {Eriksson}, K. and {Esquej}, P. and {Eynard Bontemps}, G. and {Fabre}, C. and {Fabrizio}, M. and {Faigler}, S. and {Falc{\~a}o}, A.~J. and {Farr{\`a}s Casas}, M. and {Federici}, L. and {Fedorets}, G. and {Fernique}, P. and {Figueras}, F. and {Filippi}, F. and {Findeisen}, K. and {Fonti}, A. and {Fraile}, E. and {Fraser}, M. and {Fr{\'e}zouls}, B. and {Gai}, M. and {Galleti}, S. and {Garabato}, D. and {Garc{\'\i}a-Sedano}, F. and {Garofalo}, A. and {Garralda}, N. and {Gavel}, A. and {Gavras}, P. and {Gerssen}, J. and {Geyer}, R. and {Giacobbe}, P. and {Gilmore}, G. and {Girona}, S. and {Giuffrida}, G. and {Glass}, F. and {Gomes}, M. and {Granvik}, M. and {Gueguen}, A. and {Guerrier}, A. and {Guiraud}, J. and {Guti{\'e}rrez-S{\'a}nchez}, R. and {Haigron}, R. and {Hatzidimitriou}, D. and {Hauser}, M. and {Haywood}, M. and {Heiter}, U. and {Helmi}, A. and {Heu}, J. and {Hilger}, T. and {Hobbs}, D. and {Hofmann}, W. and {Holland}, G. and {Huckle}, H.~E. and {Hypki}, A. and {Icardi}, V. and {Jan{\ss}en}, K. and {Jevardat de Fombelle}, G. and {Jonker}, P.~G. and {Juh{\'a}sz}, {\'A}. L. and {Julbe}, F. and {Karampelas}, A. and {Kewley}, A. and {Klar}, J. and {Kochoska}, A. and {Kohley}, R. and {Kolenberg}, K. and {Kontizas}, M. and {Kontizas}, E. and {Koposov}, S.~E. and {Kordopatis}, G. and {Kostrzewa-Rutkowska}, Z. and {Koubsky}, P. and {Lambert}, S. and {Lanza}, A.~F. and {Lasne}, Y. and {Lavigne}, J. -B. and {Le Fustec}, Y. and {Le Poncin-Lafitte}, C. and {Lebreton}, Y. and {Leccia}, S. and {Leclerc}, N. and {Lecoeur-Taibi}, I. and {Lenhardt}, H. and {Leroux}, F. and {Liao}, S. and {Licata}, E. and {Lindstr{\o}m}, H.~E.~P. and {Lister}, T.~A. and {Livanou}, E. and {Lobel}, A. and {L{\'o}pez}, M. and {Managau}, S. and {Mann}, R.~G. and {Mantelet}, G. and {Marchal}, O. and {Marchant}, J.~M. and {Marconi}, M. and {Marinoni}, S. and {Marschalk{\'o}}, G. and {Marshall}, D.~J. and {Martino}, M. and {Marton}, G. and {Mary}, N. and {Massari}, D. and {Matijevi{\v{c}}}, G. and {Mazeh}, T. and {McMillan}, P.~J. and {Messina}, S. and {Michalik}, D. and {Millar}, N.~R. and {Molina}, D. and {Molinaro}, R. and {Moln{\'a}r}, L. and {Montegriffo}, P. and {Mor}, R. and {Morbidelli}, R. and {Morel}, T. and {Morris}, D. and {Mulone}, A.~F. and {Muraveva}, T. and {Musella}, I. and {Nelemans}, G. and {Nicastro}, L. and {Noval}, L. and {O'Mullane}, W. and {Ord{\'e}novic}, C. and {Ord{\'o}{\~n}ez-Blanco}, D. and {Osborne}, P. and {Pagani}, C. and {Pagano}, I. and {Pailler}, F. and {Palacin}, H. and {Palaversa}, L. and {Panahi}, A. and {Pawlak}, M. and {Piersimoni}, A.~M. and {Pineau}, F. -X. and {Plachy}, E. and {Plum}, G. and {Poggio}, E. and {Poujoulet}, E. and {Pr{\v{s}}a}, A. and {Pulone}, L. and {Racero}, E. and {Ragaini}, S. and {Rambaux}, N. and {Ramos-Lerate}, M. and {Regibo}, S. and {Reyl{\'e}}, C. and {Riclet}, F. and {Ripepi}, V. and {Riva}, A. and {Rivard}, A. and {Rixon}, G. and {Roegiers}, T. and {Roelens}, M. and {Romero-G{\'o}mez}, M. and {Rowell}, N. and {Royer}, F. and {Ruiz-Dern}, L. and {Sadowski}, G. and {Sagrist{\`a} Sell{\'e}s}, T. and {Sahlmann}, J. and {Salgado}, J. and {Salguero}, E. and {Sanna}, N. and {Santana-Ros}, T. and {Sarasso}, M. and {Savietto}, H. and {Schultheis}, M. and {Sciacca}, E. and {Segol}, M. and {Segovia}, J.~C. and {S{\'e}gransan}, D. and {Shih}, I. -C. and {Siltala}, L. and {Silva}, A.~F. and {Smart}, R.~L. and {Smith}, K.~W. and {Solano}, E. and {Solitro}, F. and {Sordo}, R. and {Soria Nieto}, S. and {Souchay}, J. and {Spagna}, A. and {Spoto}, F. and {Stampa}, U. and {Steele}, I.~A. and {Steidelm{\"u}ller}, H. and {Stephenson}, C.~A. and {Stoev}, H. and {Suess}, F.~F. and {Surdej}, J. and {Szabados}, L. and {Szegedi-Elek}, E. and {Tapiador}, D. and {Taris}, F. and {Tauran}, G. and {Taylor}, M.~B. and {Teixeira}, R. and {Terrett}, D. and {Teyssand ier}, P. and {Thuillot}, W. and {Titarenko}, A. and {Torra Clotet}, F. and {Turon}, C. and {Ulla}, A. and {Utrilla}, E. and {Uzzi}, S. and {Vaillant}, M. and {Valentini}, G. and {Valette}, V. and {van Elteren}, A. and {Van Hemelryck}, E. and {van Leeuwen}, M. and {Vaschetto}, M. and {Vecchiato}, A. and {Veljanoski}, J. and {Viala}, Y. and {Vicente}, D. and {Vogt}, S. and {von Essen}, C. and {Voss}, H. and {Votruba}, V. and {Voutsinas}, S. and {Walmsley}, G. and {Weiler}, M. and {Wertz}, O. and {Wevers}, T. and {Wyrzykowski}, {\L}. and {Yoldas}, A. and {{\v{Z}}erjal}, M. and {Ziaeepour}, H. and {Zorec}, J. and {Zschocke}, S. and {Zucker}, S. and {Zurbach}, C. and {Zwitter}, T.},
	doi = {10.1051/0004-6361/201833051},
	eid = {A1},
	eprint = {1804.09365},
	journal = {\aap},
	keywords = {catalogs, astrometry, techniques: radial velocities, stars: fundamental parameters, stars: variables: general, minor planets, asteroids: general, Astrophysics - Astrophysics of Galaxies, Astrophysics - Instrumentation and Methods for Astrophysics},
	month = aug,
	pages = {A1},
	primaryclass = {astro-ph.GA},
	title = {{Gaia Data Release 2. Summary of the contents and survey properties}},
	volume = {616},
	year = 2018,
	Bdsk-Url-1 = {https://doi.org/10.1051/0004-6361/201833051}}

@article{2016MNRAS.460.1270D,
	adsnote = {Provided by the SAO/NASA Astrophysics Data System},
	adsurl = {https://ui.adsabs.harvard.edu/abs/2016MNRAS.460.1270D},
	archiveprefix = {arXiv},
	author = {{Dark Energy Survey Collaboration} and {Abbott}, T. and {Abdalla}, F.~B. and {Aleksi{\'c}}, J. and {Allam}, S. and {Amara}, A. and {Bacon}, D. and {Balbinot}, E. and {Banerji}, M. and {Bechtol}, K. and {Benoit-L{\'e}vy}, A. and {Bernstein}, G.~M. and {Bertin}, E. and {Blazek}, J. and {Bonnett}, C. and {Bridle}, S. and {Brooks}, D. and {Brunner}, R.~J. and {Buckley-Geer}, E. and {Burke}, D.~L. and {Caminha}, G.~B. and {Capozzi}, D. and {Carlsen}, J. and {Carnero-Rosell}, A. and {Carollo}, M. and {Carrasco-Kind}, M. and {Carretero}, J. and {Castander}, F.~J. and {Clerkin}, L. and {Collett}, T. and {Conselice}, C. and {Crocce}, M. and {Cunha}, C.~E. and {D'Andrea}, C.~B. and {da Costa}, L.~N. and {Davis}, T.~M. and {Desai}, S. and {Diehl}, H.~T. and {Dietrich}, J.~P. and {Dodelson}, S. and {Doel}, P. and {Drlica-Wagner}, A. and {Estrada}, J. and {Etherington}, J. and {Evrard}, A.~E. and {Fabbri}, J. and {Finley}, D.~A. and {Flaugher}, B. and {Foley}, R.~J. and {Fosalba}, P. and {Frieman}, J. and {Garc{\'\i}a-Bellido}, J. and {Gaztanaga}, E. and {Gerdes}, D.~W. and {Giannantonio}, T. and {Goldstein}, D.~A. and {Gruen}, D. and {Gruendl}, R.~A. and {Guarnieri}, P. and {Gutierrez}, G. and {Hartley}, W. and {Honscheid}, K. and {Jain}, B. and {James}, D.~J. and {Jeltema}, T. and {Jouvel}, S. and {Kessler}, R. and {King}, A. and {Kirk}, D. and {Kron}, R. and {Kuehn}, K. and {Kuropatkin}, N. and {Lahav}, O. and {Li}, T.~S. and {Lima}, M. and {Lin}, H. and {Maia}, M.~A.~G. and {Makler}, M. and {Manera}, M. and {Maraston}, C. and {Marshall}, J.~L. and {Martini}, P. and {McMahon}, R.~G. and {Melchior}, P. and {Merson}, A. and {Miller}, C.~J. and {Miquel}, R. and {Mohr}, J.~J. and {Morice-Atkinson}, X. and {Naidoo}, K. and {Neilsen}, E. and {Nichol}, R.~C. and {Nord}, B. and {Ogando}, R. and {Ostrovski}, F. and {Palmese}, A. and {Papadopoulos}, A. and {Peiris}, H.~V. and {Peoples}, J. and {Percival}, W.~J. and {Plazas}, A.~A. and {Reed}, S.~L. and {Refregier}, A. and {Romer}, A.~K. and {Roodman}, A. and {Ross}, A. and {Rozo}, E. and {Rykoff}, E.~S. and {Sadeh}, I. and {Sako}, M. and {S{\'a}nchez}, C. and {Sanchez}, E. and {Santiago}, B. and {Scarpine}, V. and {Schubnell}, M. and {Sevilla-Noarbe}, I. and {Sheldon}, E. and {Smith}, M. and {Smith}, R.~C. and {Soares-Santos}, M. and {Sobreira}, F. and {Soumagnac}, M. and {Suchyta}, E. and {Sullivan}, M. and {Swanson}, M. and {Tarle}, G. and {Thaler}, J. and {Thomas}, D. and {Thomas}, R.~C. and {Tucker}, D. and {Vieira}, J.~D. and {Vikram}, V. and {Walker}, A.~R. and {Wechsler}, R.~H. and {Weller}, J. and {Wester}, W. and {Whiteway}, L. and {Wilcox}, H. and {Yanny}, B. and {Zhang}, Y. and {Zuntz}, J.},
	doi = {10.1093/mnras/stw641},
	eprint = {1601.00329},
	journal = {\mnras},
	keywords = {surveys, minor planets, asteroids: general, supernovae: general, Galaxy: general, galaxies: general, quasars: general, Astrophysics - Cosmology and Nongalactic Astrophysics, Astrophysics - Astrophysics of Galaxies},
	month = aug,
	number = {2},
	pages = {1270-1299},
	primaryclass = {astro-ph.CO},
	title = {{The Dark Energy Survey: more than dark energy - an overview}},
	volume = {460},
	year = 2016,
	Bdsk-Url-1 = {https://doi.org/10.1093/mnras/stw641}}

@inproceedings{2010SPIE.7733E..0EK,
	adsnote = {Provided by the SAO/NASA Astrophysics Data System},
	adsurl = {https://ui.adsabs.harvard.edu/abs/2010SPIE.7733E..0EK},
	author = {{Kaiser}, Nick and {Burgett}, William and {Chambers}, Ken and {Denneau}, Larry and {Heasley}, Jim and {Jedicke}, Robert and {Magnier}, Eugene and {Morgan}, Jeff and {Onaka}, Peter and {Tonry}, John},
	booktitle = {Ground-based and Airborne Telescopes III},
	doi = {10.1117/12.859188},
	eid = {77330E},
	month = jul,
	pages = {77330E},
	series = {Society of Photo-Optical Instrumentation Engineers (SPIE) Conference Series},
	title = {{The Pan-STARRS wide-field optical/NIR imaging survey}},
	volume = {7733},
	year = 2010,
	Bdsk-Url-1 = {https://doi.org/10.1117/12.859188}}

@article{astropy-1,
	adsnote = {Provided by the SAO/NASA Astrophysics Data System},
	adsurl = {http://adsabs.harvard.edu/abs/2013A%26A...558A..33A},
	archiveprefix = {arXiv},
	author = {{Astropy Collaboration} and {Robitaille}, T.~P. and {Tollerud}, E.~J. and {Greenfield}, P. and {Droettboom}, M. and {Bray}, E. and {Aldcroft}, T. and {Davis}, M. and {Ginsburg}, A. and {Price-Whelan}, A.~M. and {Kerzendorf}, W.~E. and {Conley}, A. and {Crighton}, N. and {Barbary}, K. and {Muna}, D. and {Ferguson}, H. and {Grollier}, F. and {Parikh}, M.~M. and {Nair}, P.~H. and {Unther}, H.~M. and {Deil}, C. and {Woillez}, J. and {Conseil}, S. and {Kramer}, R. and {Turner}, J.~E.~H. and {Singer}, L. and {Fox}, R. and {Weaver}, B.~A. and {Zabalza}, V. and {Edwards}, Z.~I. and {Azalee Bostroem}, K. and {Burke}, D.~J. and {Casey}, A.~R. and {Crawford}, S.~M. and {Dencheva}, N. and {Ely}, J. and {Jenness}, T. and {Labrie}, K. and {Lim}, P.~L. and {Pierfederici}, F. and {Pontzen}, A. and {Ptak}, A. and {Refsdal}, B. and {Servillat}, M. and {Streicher}, O.},
	doi = {10.1051/0004-6361/201322068},
	eid = {A33},
	eprint = {1307.6212},
	journal = {\aap},
	keywords = {methods: data analysis, methods: miscellaneous, virtual observatory tools},
	month = oct,
	pages = {A33},
	primaryclass = {astro-ph.IM},
	title = {{Astropy: A community Python package for astronomy}},
	volume = 558,
	year = 2013,
	Bdsk-Url-1 = {https://doi.org/10.1051/0004-6361/201322068}}

@article{astropy-2,
	adsnote = {Provided by the SAO/NASA Astrophysics Data System},
	adsurl = {http://adsabs.harvard.edu/abs/2018AJ....156..123A},
	archiveprefix = {arXiv},
	author = {{Astropy Collaboration} and {Price-Whelan}, A.~M. and {Sip{\H o}cz}, B.~M. and {G{\"u}nther}, H.~M. and {Lim}, P.~L. and {Crawford}, S.~M. and {Conseil}, S. and {Shupe}, D.~L. and {Craig}, M.~W. and {Dencheva}, N. and {Ginsburg}, A. and {VanderPlas}, J.~T. and {Bradley}, L.~D. and {P{\'e}rez-Su{\'a}rez}, D. and {de Val-Borro}, M. and {Aldcroft}, T.~L. and {Cruz}, K.~L. and {Robitaille}, T.~P. and {Tollerud}, E.~J. and {Ardelean}, C. and {Babej}, T. and {Bach}, Y.~P. and {Bachetti}, M. and {Bakanov}, A.~V. and {Bamford}, S.~P. and {Barentsen}, G. and {Barmby}, P. and {Baumbach}, A. and {Berry}, K.~L. and {Biscani}, F. and {Boquien}, M. and {Bostroem}, K.~A. and {Bouma}, L.~G. and {Brammer}, G.~B. and {Bray}, E.~M. and {Breytenbach}, H. and {Buddelmeijer}, H. and {Burke}, D.~J. and {Calderone}, G. and {Cano Rodr{\'{\i}}guez}, J.~L. and {Cara}, M. and {Cardoso}, J.~V.~M. and {Cheedella}, S. and {Copin}, Y. and {Corrales}, L. and {Crichton}, D. and {D'Avella}, D. and {Deil}, C. and {Depagne}, {\'E}. and {Dietrich}, J.~P. and {Donath}, A. and {Droettboom}, M. and {Earl}, N. and {Erben}, T. and {Fabbro}, S. and {Ferreira}, L.~A. and {Finethy}, T. and {Fox}, R.~T. and {Garrison}, L.~H. and {Gibbons}, S.~L.~J. and {Goldstein}, D.~A. and {Gommers}, R. and {Greco}, J.~P. and {Greenfield}, P. and {Groener}, A.~M. and {Grollier}, F. and {Hagen}, A. and {Hirst}, P. and {Homeier}, D. and {Horton}, A.~J. and {Hosseinzadeh}, G. and {Hu}, L. and {Hunkeler}, J.~S. and {Ivezi{\'c}}, {\v Z}. and {Jain}, A. and {Jenness}, T. and {Kanarek}, G. and {Kendrew}, S. and {Kern}, N.~S. and {Kerzendorf}, W.~E. and {Khvalko}, A. and {King}, J. and {Kirkby}, D. and {Kulkarni}, A.~M. and {Kumar}, A. and {Lee}, A. and {Lenz}, D. and {Littlefair}, S.~P. and {Ma}, Z. and {Macleod}, D.~M. and {Mastropietro}, M. and {McCully}, C. and {Montagnac}, S. and {Morris}, B.~M. and {Mueller}, M. and {Mumford}, S.~J. and {Muna}, D. and {Murphy}, N.~A. and {Nelson}, S. and {Nguyen}, G.~H. and {Ninan}, J.~P. and {N{\"o}the}, M. and {Ogaz}, S. and {Oh}, S. and {Parejko}, J.~K. and {Parley}, N. and {Pascual}, S. and {Patil}, R. and {Patil}, A.~A. and {Plunkett}, A.~L. and {Prochaska}, J.~X. and {Rastogi}, T. and {Reddy Janga}, V. and {Sabater}, J. and {Sakurikar}, P. and {Seifert}, M. and {Sherbert}, L.~E. and {Sherwood-Taylor}, H. and {Shih}, A.~Y. and {Sick}, J. and {Silbiger}, M.~T. and {Singanamalla}, S. and {Singer}, L.~P. and {Sladen}, P.~H. and {Sooley}, K.~A. and {Sornarajah}, S. and {Streicher}, O. and {Teuben}, P. and {Thomas}, S.~W. and {Tremblay}, G.~R. and {Turner}, J.~E.~H. and {Terr{\'o}n}, V. and {van Kerkwijk}, M.~H. and {de la Vega}, A. and {Watkins}, L.~L. and {Weaver}, B.~A. and {Whitmore}, J.~B. and {Woillez}, J. and {Zabalza}, V. and {Astropy Contributors}},
	doi = {10.3847/1538-3881/aabc4f},
	eid = {123},
	eprint = {1801.02634},
	journal = {\aj},
	keywords = {methods: data analysis, methods: miscellaneous, methods: statistical, reference systems},
	month = sep,
	pages = {123},
	primaryclass = {astro-ph.IM},
	title = {{The Astropy Project: Building an Open-science Project and Status of the v2.0 Core Package}},
	volume = 156,
	year = 2018,
	Bdsk-Url-1 = {https://doi.org/10.3847/1538-3881/aabc4f}}

@inproceedings{2012cidu.conf...47V,
	adsnote = {Provided by the SAO/NASA Astrophysics Data System},
	adsurl = {http://adsabs.harvard.edu/abs/2012cidu.conf...47V},
	archiveprefix = {arXiv},
	author = {{VanderPlas}, J. and {Connolly}, A.~J. and {Ivezi{\'c}}, {\v Z}. and {Gray}, A.},
	booktitle = {Proceedings of Conference on Intelligent Data Understanding (CIDU), pp. 47-54, 2012.},
	doi = {10.1109/CIDU.2012.6382200},
	eprint = {1411.5039},
	month = oct,
	pages = {47-54},
	primaryclass = {astro-ph.IM},
	title = {{Introduction to astroML: Machine learning for astrophysics}},
	year = 2012,
	Bdsk-Url-1 = {https://doi.org/10.1109/CIDU.2012.6382200}}

@article{LSSToverview,
	adsnote = {Provided by the SAO/NASA Astrophysics Data System},
	adsurl = {http://adsabs.harvard.edu/abs/2019ApJ...873..111I},
	archiveprefix = {arXiv},
	author = {{Ivezi{\'c}}, {\v Z}. and {Kahn}, S.~M. and {Tyson}, J.~A. and {Abel}, B. and {Acosta}, E. and {Allsman}, R. and {Alonso}, D. and {AlSayyad}, Y. and {Anderson}, S.~F. and {Andrew}, J. and et al.},
	doi = {10.3847/1538-4357/ab042c},
	eid = {111},
	eprint = {0805.2366},
	journal = {\apj},
	keywords = {astrometry, cosmology: observations, Galaxy: general, methods: observational, stars: general, surveys},
	month = mar,
	pages = {111},
	title = {{LSST: From Science Drivers to Reference Design and Anticipated Data Products}},
	volume = 873,
	year = 2019,
	Bdsk-Url-1 = {https://doi.org/10.3847/1538-4357/ab042c}}

@article{York2000,
	adsnote = {Provided by the SAO/NASA Astrophysics Data System},
	adsurl = {https://ui.adsabs.harvard.edu/abs/2000AJ....120.1579Y},
	archiveprefix = {arXiv},
	author = {{York}, Donald G. and {Adelman}, J. and {Anderson}, John E., Jr. and {Anderson}, Scott F. and {Annis}, James and {Bahcall}, Neta A. and {Bakken}, J.~A. and {Barkhouser}, Robert and {Bastian}, Steven and {Berman}, Eileen and {Boroski}, William N. and {Bracker}, Steve and {Briegel}, Charlie and {Briggs}, John W. and {Brinkmann}, J. and {Brunner}, Robert and {Burles}, Scott and {Carey}, Larry and {Carr}, Michael A. and {Castander}, Francisco J. and {Chen}, Bing and {Colestock}, Patrick L. and {Connolly}, A.~J. and {Crocker}, J.~H. and {Csabai}, Istv{\'a}n and {Czarapata}, Paul C. and {Davis}, John Eric and {Doi}, Mamoru and {Dombeck}, Tom and {Eisenstein}, Daniel and {Ellman}, Nancy and {Elms}, Brian R. and {Evans}, Michael L. and {Fan}, Xiaohui and {Federwitz}, Glenn R. and {Fiscelli}, Larry and {Friedman}, Scott and {Frieman}, Joshua A. and {Fukugita}, Masataka and {Gillespie}, Bruce and {Gunn}, James E. and {Gurbani}, Vijay K. and {de Haas}, Ernst and {Haldeman}, Merle and {Harris}, Frederick H. and {Hayes}, J. and {Heckman}, Timothy M. and {Hennessy}, G.~S. and {Hindsley}, Robert B. and {Holm}, Scott and {Holmgren}, Donald J. and {Huang}, Chi-hao and {Hull}, Charles and {Husby}, Don and {Ichikawa}, Shin-Ichi and {Ichikawa}, Takashi and {Ivezi{\'c}}, {\v{Z}}eljko and {Kent}, Stephen and {Kim}, Rita S.~J. and {Kinney}, E. and {Klaene}, Mark and {Kleinman}, A.~N. and {Kleinman}, S. and {Knapp}, G.~R. and {Korienek}, John and {Kron}, Richard G. and {Kunszt}, Peter Z. and {Lamb}, D.~Q. and {Lee}, B. and {Leger}, R. French and {Limmongkol}, Siriluk and {Lindenmeyer}, Carl and {Long}, Daniel C. and {Loomis}, Craig and {Loveday}, Jon and {Lucinio}, Rich and {Lupton}, Robert H. and {MacKinnon}, Bryan and {Mannery}, Edward J. and {Mantsch}, P.~M. and {Margon}, Bruce and {McGehee}, Peregrine and {McKay}, Timothy A. and {Meiksin}, Avery and {Merelli}, Aronne and {Monet}, David G. and {Munn}, Jeffrey A. and {Narayanan}, Vijay K. and {Nash}, Thomas and {Neilsen}, Eric and {Neswold}, Rich and {Newberg}, Heidi Jo and {Nichol}, R.~C. and {Nicinski}, Tom and {Nonino}, Mario and {Okada}, Norio and {Okamura}, Sadanori and {Ostriker}, Jeremiah P. and {Owen}, Russell and {Pauls}, A. George and {Peoples}, John and {Peterson}, R.~L. and {Petravick}, Donald and {Pier}, Jeffrey R. and {Pope}, Adrian and {Pordes}, Ruth and {Prosapio}, Angela and {Rechenmacher}, Ron and {Quinn}, Thomas R. and {Richards}, Gordon T. and {Richmond}, Michael W. and {Rivetta}, Claudio H. and {Rockosi}, Constance M. and {Ruthmansdorfer}, Kurt and {Sand ford}, Dale and {Schlegel}, David J. and {Schneider}, Donald P. and {Sekiguchi}, Maki and {Sergey}, Gary and {Shimasaku}, Kazuhiro and {Siegmund}, Walter A. and {Smee}, Stephen and {Smith}, J. Allyn and {Snedden}, S. and {Stone}, R. and {Stoughton}, Chris and {Strauss}, Michael A. and {Stubbs}, Christopher and {SubbaRao}, Mark and {Szalay}, Alexander S. and {Szapudi}, Istvan and {Szokoly}, Gyula P. and {Thakar}, Anirudda R. and {Tremonti}, Christy and {Tucker}, Douglas L. and {Uomoto}, Alan and {Vanden Berk}, Dan and {Vogeley}, Michael S. and {Waddell}, Patrick and {Wang}, Shu-i. and {Watanabe}, Masaru and {Weinberg}, David H. and {Yanny}, Brian and {Yasuda}, Naoki and {SDSS Collaboration}},
	doi = {10.1086/301513},
	eprint = {astro-ph/0006396},
	journal = {\aj},
	keywords = {Cosmology: Observations, Instrumentation: Miscellaneous, Astrophysics},
	month = sep,
	number = {3},
	pages = {1579-1587},
	primaryclass = {astro-ph},
	title = {{The Sloan Digital Sky Survey: Technical Summary}},
	volume = {120},
	year = 2000,
	Bdsk-Url-1 = {https://doi.org/10.1086/301513}}

@article{Blan17,
	adsnote = {Provided by the SAO/NASA Astrophysics Data System},
	adsurl = {https://ui.adsabs.harvard.edu/abs/2017AJ....154...28B},
	archiveprefix = {arXiv},
	author = {{Blanton}, Michael R. and {Bershady}, Matthew A. and {Abolfathi}, Bela and {Albareti}, Franco D. and {Allende Prieto}, Carlos and {Almeida}, Andres and {Alonso-Garc{\'\i}a}, Javier and {Anders}, Friedrich and {Anderson}, Scott F. and {Andrews}, Brett and {Aquino-Ort{\'\i}z}, Erik and {Arag{\'o}n-Salamanca}, Alfonso and {Argudo-Fern{\'a}ndez}, Maria and {Armengaud}, Eric and {Aubourg}, Eric and {Avila-Reese}, Vladimir and {Badenes}, Carles and {Bailey}, Stephen and {Barger}, Kathleen A. and {Barrera-Ballesteros}, Jorge and {Bartosz}, Curtis and {Bates}, Dominic and {Baumgarten}, Falk and {Bautista}, Julian and {Beaton}, Rachael and {Beers}, Timothy C. and {Belfiore}, Francesco and {Bender}, Chad F. and {Berlind}, Andreas A. and {Bernardi}, Mariangela and {Beutler}, Florian and {Bird}, Jonathan C. and {Bizyaev}, Dmitry and {Blanc}, Guillermo A. and {Blomqvist}, Michael and {Bolton}, Adam S. and {Boquien}, M{\'e}d{\'e}ric and {Borissova}, Jura and {van den Bosch}, Remco and {Bovy}, Jo and {Brandt}, William N. and {Brinkmann}, Jonathan and {Brownstein}, Joel R. and {Bundy}, Kevin and {Burgasser}, Adam J. and {Burtin}, Etienne and {Busca}, Nicol{\'a}s G. and {Cappellari}, Michele and {Delgado Carigi}, Maria Leticia and {Carlberg}, Joleen K. and {Carnero Rosell}, Aurelio and {Carrera}, Ricardo and {Chanover}, Nancy J. and {Cherinka}, Brian and {Cheung}, Edmond and {G{\'o}mez Maqueo Chew}, Yilen and {Chiappini}, Cristina and {Choi}, Peter Doohyun and {Chojnowski}, Drew and {Chuang}, Chia-Hsun and {Chung}, Haeun and {Cirolini}, Rafael Fernando and {Clerc}, Nicolas and {Cohen}, Roger E. and {Comparat}, Johan and {da Costa}, Luiz and {Cousinou}, Marie-Claude and {Covey}, Kevin and {Crane}, Jeffrey D. and {Croft}, Rupert A.~C. and {Cruz-Gonzalez}, Irene and {Garrido Cuadra}, Daniel and {Cunha}, Katia and {Damke}, Guillermo J. and {Darling}, Jeremy and {Davies}, Roger and {Dawson}, Kyle and {de la Macorra}, Axel and {Dell'Agli}, Flavia and {De Lee}, Nathan and {Delubac}, Timoth{\'e}e and {Di Mille}, Francesco and {Diamond-Stanic}, Aleks and {Cano-D{\'\i}az}, Mariana and {Donor}, John and {Downes}, Juan Jos{\'e} and {Drory}, Niv and {du Mas des Bourboux}, H{\'e}lion and {Duckworth}, Christopher J. and {Dwelly}, Tom and {Dyer}, Jamie and {Ebelke}, Garrett and {Eigenbrot}, Arthur D. and {Eisenstein}, Daniel J. and {Emsellem}, Eric and {Eracleous}, Mike and {Escoffier}, Stephanie and {Evans}, Michael L. and {Fan}, Xiaohui and {Fern{\'a}ndez-Alvar}, Emma and {Fernandez-Trincado}, J.~G. and {Feuillet}, Diane K. and {Finoguenov}, Alexis and {Fleming}, Scott W. and {Font-Ribera}, Andreu and {Fredrickson}, Alexander and {Freischlad}, Gordon and {Frinchaboy}, Peter M. and {Fuentes}, Carla E. and {Galbany}, Llu{\'\i}s and {Garcia-Dias}, R. and {Garc{\'\i}a-Hern{\'a}ndez}, D.~A. and {Gaulme}, Patrick and {Geisler}, Doug and {Gelfand}, Joseph D. and {Gil-Mar{\'\i}n}, H{\'e}ctor and {Gillespie}, Bruce A. and {Goddard}, Daniel and {Gonzalez-Perez}, Violeta and {Grabowski}, Kathleen and {Green}, Paul J. and {Grier}, Catherine J. and {Gunn}, James E. and {Guo}, Hong and {Guy}, Julien and {Hagen}, Alex and {Hahn}, ChangHoon and {Hall}, Matthew and {Harding}, Paul and {Hasselquist}, Sten and {Hawley}, Suzanne L. and {Hearty}, Fred and {Gonzalez Hern{\'a}ndez}, Jonay I. and {Ho}, Shirley and {Hogg}, David W. and {Holley-Bockelmann}, Kelly and {Holtzman}, Jon A. and {Holzer}, Parker H. and {Huehnerhoff}, Joseph and {Hutchinson}, Timothy A. and {Hwang}, Ho Seong and {Ibarra-Medel}, H{\'e}ctor J. and {da Silva Ilha}, Gabriele and {Ivans}, Inese I. and {Ivory}, KeShawn and {Jackson}, Kelly and {Jensen}, Trey W. and {Johnson}, Jennifer A. and {Jones}, Amy and {J{\"o}nsson}, Henrik and {Jullo}, Eric and {Kamble}, Vikrant and {Kinemuchi}, Karen and {Kirkby}, David and {Kitaura}, Francisco-Shu and {Klaene}, Mark and {Knapp}, Gillian R. and {Kneib}, Jean-Paul and {Kollmeier}, Juna A. and {Lacerna}, Ivan and {Lane}, Richard R. and {Lang}, Dustin and {Law}, David R. and {Lazarz}, Daniel and {Lee}, Youngbae and {Le Goff}, Jean-Marc and {Liang}, Fu-Heng and {Li}, Cheng and {Li}, Hongyu and {Lian}, Jianhui and {Lima}, Marcos and {Lin}, Lihwai and {Lin}, Yen-Ting and {Bertran de Lis}, Sara and {Liu}, Chao and {de Icaza Lizaola}, Miguel Angel C. and {Long}, Dan and {Lucatello}, Sara and {Lundgren}, Britt and {MacDonald}, Nicholas K. and {Deconto Machado}, Alice and {MacLeod}, Chelsea L. and {Mahadevan}, Suvrath and {Geimba Maia}, Marcio Antonio and {Maiolino}, Roberto and {Majewski}, Steven R. and {Malanushenko}, Elena and {Malanushenko}, Viktor and {Manchado}, Arturo and {Mao}, Shude and {Maraston}, Claudia and {Marques-Chaves}, Rui and {Masseron}, Thomas and {Masters}, Karen L. and {McBride}, Cameron K. and {McDermid}, Richard M. and {McGrath}, Brianne and {McGreer}, Ian D. and {Medina Pe{\~n}a}, Nicol{\'a}s and {Melendez}, Matthew and {Merloni}, Andrea and {Merrifield}, Michael R. and {Meszaros}, Szabolcs and {Meza}, Andres and {Minchev}, Ivan and {Minniti}, Dante and {Miyaji}, Takamitsu and {More}, Surhud and {Mulchaey}, John and {M{\"u}ller-S{\'a}nchez}, Francisco and {Muna}, Demitri and {Munoz}, Ricardo R. and {Myers}, Adam D. and {Nair}, Preethi and {Nandra}, Kirpal and {Correa do Nascimento}, Janaina and {Negrete}, Alenka and {Ness}, Melissa and {Newman}, Jeffrey A. and {Nichol}, Robert C. and {Nidever}, David L. and {Nitschelm}, Christian and {Ntelis}, Pierros and {O'Connell}, Julia E. and {Oelkers}, Ryan J. and {Oravetz}, Audrey and {Oravetz}, Daniel and {Pace}, Zach and {Padilla}, Nelson and {Palanque-Delabrouille}, Nathalie and {Alonso Palicio}, Pedro and {Pan}, Kaike and {Parejko}, John K. and {Parikh}, Taniya and {P{\^a}ris}, Isabelle and {Park}, Changbom and {Patten}, Alim Y. and {Peirani}, Sebastien and {Pellejero-Ibanez}, Marcos and {Penny}, Samantha and {Percival}, Will J. and {Perez-Fournon}, Ismael and {Petitjean}, Patrick and {Pieri}, Matthew M. and {Pinsonneault}, Marc and {Pisani}, Alice and {Poleski}, Rados{\l}aw and {Prada}, Francisco and {Prakash}, Abhishek and {Queiroz}, Anna B{\'a}rbara de Andrade and {Raddick}, M. Jordan and {Raichoor}, Anand and {Barboza Rembold}, Sand ro and {Richstein}, Hannah and {Riffel}, Rogemar A. and {Riffel}, Rog{\'e}rio and {Rix}, Hans-Walter and {Robin}, Annie C. and {Rockosi}, Constance M. and {Rodr{\'\i}guez-Torres}, Sergio and {Roman-Lopes}, A. and {Rom{\'a}n-Z{\'u}{\~n}iga}, Carlos and {Rosado}, Margarita and {Ross}, Ashley J. and {Rossi}, Graziano and {Ruan}, John and {Ruggeri}, Rossana and {Rykoff}, Eli S. and {Salazar-Albornoz}, Salvador and {Salvato}, Mara and {S{\'a}nchez}, Ariel G. and {Aguado}, D.~S. and {S{\'a}nchez-Gallego}, Jos{\'e} R. and {Santana}, Felipe A. and {Santiago}, Bas{\'\i}lio Xavier and {Sayres}, Conor and {Schiavon}, Ricardo P. and {da Silva Schimoia}, Jaderson and {Schlafly}, Edward F. and {Schlegel}, David J. and {Schneider}, Donald P. and {Schultheis}, Mathias and {Schuster}, William J. and {Schwope}, Axel and {Seo}, Hee-Jong and {Shao}, Zhengyi and {Shen}, Shiyin and {Shetrone}, Matthew and {Shull}, Michael and {Simon}, Joshua D. and {Skinner}, Danielle and {Skrutskie}, M.~F. and {Slosar}, An{\v{z}}e and {Smith}, Verne V. and {Sobeck}, Jennifer S. and {Sobreira}, Flavia and {Somers}, Garrett and {Souto}, Diogo and {Stark}, David V. and {Stassun}, Keivan and {Stauffer}, Fritz and {Steinmetz}, Matthias and {Storchi-Bergmann}, Thaisa and {Streblyanska}, Alina and {Stringfellow}, Guy S. and {Su{\'a}rez}, Genaro and {Sun}, Jing and {Suzuki}, Nao and {Szigeti}, Laszlo and {Taghizadeh-Popp}, Manuchehr and {Tang}, Baitian and {Tao}, Charling and {Tayar}, Jamie and {Tembe}, Mita and {Teske}, Johanna and {Thakar}, Aniruddha R. and {Thomas}, Daniel and {Thompson}, Benjamin A. and {Tinker}, Jeremy L. and {Tissera}, Patricia and {Tojeiro}, Rita and {Hernandez Toledo}, Hector and {de la Torre}, Sylvain and {Tremonti}, Christy and {Troup}, Nicholas W. and {Valenzuela}, Octavio and {Martinez Valpuesta}, Inma and {Vargas-Gonz{\'a}lez}, Jaime and {Vargas-Maga{\~n}a}, Mariana and {Vazquez}, Jose Alberto and {Villanova}, Sandro and {Vivek}, M. and {Vogt}, Nicole and {Wake}, David and {Walterbos}, Rene and {Wang}, Yuting and {Weaver}, Benjamin Alan and {Weijmans}, Anne-Marie and {Weinberg}, David H. and {Westfall}, Kyle B. and {Whelan}, David G. and {Wild}, Vivienne and {Wilson}, John and {Wood-Vasey}, W.~M. and {Wylezalek}, Dominika and {Xiao}, Ting and {Yan}, Renbin and {Yang}, Meng and {Ybarra}, Jason E. and {Y{\`e}che}, Christophe and {Zakamska}, Nadia and {Zamora}, Olga and {Zarrouk}, Pauline and {Zasowski}, Gail and {Zhang}, Kai and {Zhao}, Gong-Bo and {Zheng}, Zheng and {Zheng}, Zheng and {Zhou}, Xu and {Zhou}, Zhi-Min and {Zhu}, Guangtun B. and {Zoccali}, Manuela and {Zou}, Hu},
	doi = {10.3847/1538-3881/aa7567},
	eid = {28},
	eprint = {1703.00052},
	journal = {\aj},
	keywords = {cosmology: observations, galaxies: general, Galaxy: general, instrumentation: spectrographs, stars: general, surveys, Astrophysics - Astrophysics of Galaxies},
	month = jul,
	number = {1},
	pages = {28},
	primaryclass = {astro-ph.GA},
	title = {{Sloan Digital Sky Survey IV: Mapping the Milky Way, Nearby Galaxies, and the Distant Universe}},
	volume = {154},
	year = 2017,
	Bdsk-Url-1 = {https://doi.org/10.3847/1538-3881/aa7567}}

@article{2013A&A...552A.124B,
	adsnote = {Provided by the SAO/NASA Astrophysics Data System},
	adsurl = {https://ui.adsabs.harvard.edu/abs/2013A&A...552A.124B},
	archiveprefix = {arXiv},
	author = {{Betoule}, M. and {Marriner}, J. and {Regnault}, N. and {Cuilland re}, J. -C. and {Astier}, P. and {Guy}, J. and {Balland}, C. and {El Hage}, P. and {Hardin}, D. and {Kessler}, R. and {Le Guillou}, L. and {Mosher}, J. and {Pain}, R. and {Rocci}, P. -F. and {Sako}, M. and {Schahmaneche}, K.},
	doi = {10.1051/0004-6361/201220610},
	eid = {A124},
	eprint = {1212.4864},
	journal = {\aap},
	keywords = {cosmology: observations, techniques: photometric, methods: observational, Astrophysics - Cosmology and Nongalactic Astrophysics, Astrophysics - Instrumentation and Methods for Astrophysics},
	month = apr,
	pages = {A124},
	primaryclass = {astro-ph.CO},
	title = {{Improved photometric calibration of the SNLS and the SDSS supernova surveys}},
	volume = {552},
	year = 2013,
	Bdsk-Url-1 = {https://doi.org/10.1051/0004-6361/201220610}}

@article{2006AN....327..821T,
	adsnote = {Provided by the SAO/NASA Astrophysics Data System},
	adsurl = {https://ui.adsabs.harvard.edu/abs/2006AN....327..821T},
	archiveprefix = {arXiv},
	author = {{Tucker}, D.~L. and {Kent}, S. and {Richmond}, M.~W. and {Annis}, J. and {Smith}, J.~A. and {Allam}, S.~S. and {Rodgers}, C.~T. and {Stute}, J.~L. and {Adelman-McCarthy}, J.~K. and {Brinkmann}, J. and {Doi}, M. and {Finkbeiner}, D. and {Fukugita}, M. and {Goldston}, J. and {Greenway}, B. and {Gunn}, J.~E. and {Hendry}, J.~S. and {Hogg}, D.~W. and {Ichikawa}, S. -I. and {Ivezi{\'c}}, {\v{Z}}. and {Knapp}, G.~R. and {Lampeitl}, H. and {Lee}, B.~C. and {Lin}, H. and {McKay}, T.~A. and {Merrelli}, A. and {Munn}, J.~A. and {Neilsen}, E.~H., Jr. and {Newberg}, H.~J. and {Richards}, G.~T. and {Schlegel}, D.~J. and {Stoughton}, C. and {Uomoto}, A. and {Yanny}, B.},
	doi = {10.1002/asna.200610655},
	eprint = {astro-ph/0608575},
	journal = {Astronomische Nachrichten},
	keywords = {methods: data analysis, techniques: image processing, techniques: photometric, surveys, Astrophysics},
	month = nov,
	number = {9},
	pages = {821},
	primaryclass = {astro-ph},
	title = {{The Sloan Digital Sky Survey monitor telescope pipeline}},
	volume = {327},
	year = 2006,
	Bdsk-Url-1 = {https://doi.org/10.1002/asna.200610655}}

@article{Gunn98,
	adsnote = {Provided by the SAO/NASA Astrophysics Data System},
	adsurl = {https://ui.adsabs.harvard.edu/abs/1998AJ....116.3040G},
	archiveprefix = {arXiv},
	author = {{Gunn}, J.~E. and {Carr}, M. and {Rockosi}, C. and {Sekiguchi}, M. and {Berry}, K. and {Elms}, B. and {de Haas}, E. and {Ivezi{\'c}}, {\v{Z}} . and {Knapp}, G. and {Lupton}, R. and {Pauls}, G. and {Simcoe}, R. and {Hirsch}, R. and {Sanford}, D. and {Wang}, S. and {York}, D. and {Harris}, F. and {Annis}, J. and {Bartozek}, L. and {Boroski}, W. and {Bakken}, J. and {Haldeman}, M. and {Kent}, S. and {Holm}, S. and {Holmgren}, D. and {Petravick}, D. and {Prosapio}, A. and {Rechenmacher}, R. and {Doi}, M. and {Fukugita}, M. and {Shimasaku}, K. and {Okada}, N. and {Hull}, C. and {Siegmund}, W. and {Mannery}, E. and {Blouke}, M. and {Heidtman}, D. and {Schneider}, D. and {Lucinio}, R. and {Brinkman}, J.},
	doi = {10.1086/300645},
	eprint = {astro-ph/9809085},
	journal = {\aj},
	keywords = {ASTROMETRY, ATLASES, CATALOGS, COSMOLOGY: OBSERVATIONS, INSTRUMENTATION: DETECTORS, INSTRUMENTATION: PHOTOMETERS, SURVEYS, Astrophysics},
	month = dec,
	number = {6},
	pages = {3040-3081},
	primaryclass = {astro-ph},
	title = {{The Sloan Digital Sky Survey Photometric Camera}},
	volume = {116},
	year = 1998,
	Bdsk-Url-1 = {https://doi.org/10.1086/300645}}
